2206 2941
1050 294 1260 329 ,22-

275 392 469 429 Occasione
498 392 562 426 hac
591 390 710 425 oblata
744 391 931 436 profiteor,
973 389 1208 436 Pul-purarum
1245 390 1376 423 formas
1411 386 1455 420 ab
1493 384 1694 420 auctoribus
1732 383 1907 418 nonnullis
1937 384 2036 418 nimis

274 460 455 502 separatas
484 459 517 489 et
546 467 609 500 pro
637 454 795 500 genuinis
824 453 1004 500 speciebus
1033 453 1235 488 aestimatas
1264 463 1350 486 esse.

769 583 821 617 52.
864 579 1019 629 Purpura
1048 576 1172 617 consul
1200 576 1363 621 (Murem
1393 573 1532 613 Ghemn.

672 643 742 673 cide
769 643 840 672 Tab.
864 646 957 671 nostr.
983 642 1041 671 ΙΙΙ.
1066 642 1131 680 Ρὲρ.
1155 641 1202 670 22.
1227 640 1266 670 23
1290 644 1318 669 et
1341 639 1390 669 24.
1415 639 1640 677 (operculum.)

428 724 538 753 Murem
561 724 677 757 consul,
703 723 822 752 Cleemn.
848 721 969 752 Conch.
996 720 1075 751 Cab.
1099 720 1144 751 X.
1168 731 1240 762 pag.
1265 719 1340 750 336.
1364 719 1443 750 Tab.
1471 719 1541 750 160.
1566 718 1618 760 fig.
1644 718 1737 749 1516.
1763 719 1856 749 1517.

466 795 504 799 —
594 796 633 799 —-
700 778 800 807 Reeve
825 776 945 807 Conch.
970 777 1051 807 icon.
1076 788 1122 817 sp.
1146 778 1177 806 4.

428 847 531 881 l'lura
563 846 752 892 specimina
789 851 944 880 staturae
978 845 1119 879 minoris
1157 844 1202 879 311
1239 843 1424 879 Loandam
1460 843 1603 890 collegit
1639 848 1771 877 noster.
1827 842 1973 890 Figurae
2003 843 2037 877 in

275 910 478 945 (lliemnitzii
516 922 622 956 opere
651 914 915 955 repraesentant
950 909 1126 955 specimen
1154 909 1367 951 niaximum,
1403 914 1441 943 ut
1475 908 1614 943 videtur
1650 906 1902 942 decoloratum.
1965 906 2038 941 Ple-

274 986 419 1020 rumque
448 974 534 1008 haec
572 973 715 1007 cochlea
743 973 910 1007 fluctuum
945 972 1137 1019 agitatione
1174 978 1246 1007 tam
1283 972 1412 1007 detrita
1441 977 1511 1015 est,
1546 977 1584 1006 ut
1621 971 1800 1018 sculptura
1836 971 1977 1017 propria
2004 971 2037 1005 in

274 1038 394 1072 ultimo
430 1043 567 1072 tantum
590 1037 769 1082 juniorum
808 1037 1035 1083 speciminum
1070 1036 1229 1070 anfractu
1267 1035 1448 1070 observari
1484 1035 1606 1081 possit.
1669 1034 1761 1069 Tota
1790 1034 1919 1068 scilicet
1948 1039 2037 1068 testa

274 1106 368 1136 statu
404 1101 540 1147 integro
570 1100 710 1134 costulis
749 1100 1015 1147 elegantissimis
1054 1100 1307 1146 confertimque
1335 1099 1523 1134 imbricatis
1552 1099 1710 1146 cingitur.
1764 1096 1955 1144 Exemplar
1984 1097 2039 1132 de-

275 1165 404 1211 pictum
440 1177 509 1199 una
538 1163 711 1198 nodorum
748 1176 947 1198 crassorum
984 1164 1070 1198 serie
1099 1164 1249 1198 cinctum
1279 1169 1347 1207 est⁷
1385 1163 1447 1198 sed
1480 1163 1514 1197 in
1549 1161 1793 1210 speciminibus
1831 1161 2039 1208 quibusdam

275 1233 309 1262 et
337 1228 511 1262 nodorum
540 1228 645 1262 series
675 1227 744 1261 duo
774 1227 829 1261 vel
858 1233 928 1262 tres
958 1228 1060 1263 valde
1090 1228 1272 1262 obsoletae
1302 1227 1546 1262 observantur.
1593 1225 1780 1269 Quaeritur
1809 1238 1894 1273 ergo
1923 1231 2039 1260 utrum

275 1293 362 1327 haec
392 1292 579 1338 specimina
613 1291 657 1326 ad
692 1292 823 1326 formas
860 1291 1057 1338 pertineant
1095 1290 1319 1325 intermedias
1357 1290 1446 1324 inter
1482 1290 1573 1324 hanc
1602 1289 1754 1337 speciem
1782 1294 1817 1324 et
1844 1288 2039 1336 Purpuram

277 1355 564 1397 haemastomani,
595 1367 639 1389 311
668 1354 783 1400 potitis
812 1367 877 1400 pro
908 1354 1134 1390 varietatibus
1162 1360 1304 1389 nostrae
1334 1354 1460 1401 speciei
1488 1353 1674 1389 habendae
1704 1354 1783 1389 sint.

430 1418 588 1464 Purpura
618 1418 738 1452 consul
767 1424 801 1452 et
830 1418 863 1453 in
892 1418 1166 1465 Philipl‘Jinarum
1195 1418 1313 1452 insulis
1342 1417 1486 1452 obvenit
1513 1417 1582 1451 fide
1610 1417 1652 1452 el.
1681 1416 1841 1464 Cuming.

884 1552 935 1584 53.
980 1544 1136 1595 Purpura
1164 1543 1322 1583 Forbesii
1351 1543 1432 1582 Dkr.

599 1622 669 1651 risle
697 1622 767 1651 Ταῦ.
793 1626 886 1652 nostr.
911 1622 964 1652 IV.
990 1623 1054 1660 Fiy.
1080 1623 1096 1650 7
1121 1626 1149 1651 et
1172 1622 1200 1651 8.
1226 1622 1291 1660 Fzssy.
1317 1621 1353 1650 13
1376 1622 1553 1659 operculum
1578 1621 1712 1650 eaeleibet.

431 1702 535 1736 Testa
565 1708 689 1745 ovata,
728 1703 973 1745 crassiuscula,
1010 1703 1239 1737 transversim
1277 1702 1454 1749 denseque
1483 1701 1774 1744 striato-sulcata3
1803 1702 1897 1748 spira
1926 1714 2040 1737 exser-

277 1765 422 1800 tiuscula
459 1766 490 1800 in
520 1767 763 1812 speciminibus
798 1767 924 1802 adultis
954 1768 1170 1815 hcptagyra3
1200 1767 1378 1801 anfi-aetus
1414 1778 1564 1813 superne
1592 1766 1750 1812 angulati
1778 1765 1977 1809 subse-alati,
2006 1765 2040 1799 in

277 1828 385 1863 fundo
414 1829 553 1863 sordide
590 1829 670 1864 albo
709 1830 765 1864 vel
802 1830 940 1865 cinereo
969 1831 1066 1865 fusco
1094 1830 1230 1873 lineati,
1267 1830 1325 1872 bi-‚
1354 1831 1408 1865 tri·
1437 1836 1472 1864 et
1511 1830 1789 1876 quadriseriatim
1822 1829 2040 1867 tuberculati.

276 1892 534 1927 tuber-culorum
572 1893 676 1928 series
705 1893 804 1928 basin
842 1907 963 1929 versus
993 1899 1266 1936 evanescentes,
1296 1906 1479 1940 supremae
1509 1894 1607 1928 seriei
1634 1893 1816 1928 tubercula
1843 1893 2041 1927 acuminata

278 1956 448 1990 interdum
479 1957 743 1999 subinibricata;
780 1958 914 1992 labrum
951 1959 1043 1993 intus
1081 1959 1253 1993 sulcatum
1289 1958 1334 1992 ad
1367 1958 1562 2005 marginem
1590 1963 1781 2000 crenatum,
1810 1957 1907 1992 lineis
1937 1956 2040 1991 fuscis

278 2020 570 2054 translucentibus
599 2021 735 2067 saepius
765 2021 959 2068 signatmii:
997 2022 1084 2056 rima
1117 2021 1319 2056 umbiliealis
1354 2021 1559 2056 columellae
1588 2022 1784 2057 callositate
1813 2021 1963 2057 obtecta.
1996 2041 2037 2046 —

279 2082 513 2129 Spceiminun‘i
541 2085 710 2130 majorum
740 2085 886 2119 altitudo
916 2086 986 2120 fere
1020 2088 1035 2119 1
1068 2086 1148 2132 poll.
1180 2087 1199 2119 5
1230 2085 1287 2119 lin.
1318 2085 1432 2120 efficit.

433 2147 575 2182 Habitat
613 2148 657 2182 311
686 2148 868 2183 Loandam
905 2150 987 2184 satis
1025 2150 1197 2196 frequens.

435 2210 529 2244 Haec
559 2211 691 2256 species
724 2225 741 2245 3
771 2211 928 2258 Purpura
955 2213 1199 2247 bituberculari
1228 2213 1326 2247 Lam.
1356 2220 1449 2248 certe
1478 2213 1635 2255 diversa,
1664 2214 1753 2247 inter
1781 2225 1915 2256 onmes,
1952 2224 2041 2258 quae

281 2273 380 2307 nobis
408 2274 589 2308 innotuere
619 2274 745 2316 icones,
773 2276 891 2321 figuris
916 2276 1130 2311 Kienerianis
1152 2279 1198 2311 32
1225 2277 1387 2324 proxima
1413 2284 1476 2312 est.
1519 2277 1608 2312 (llar.
1626 2278 1809 2324 Desliayes
1829 2281 1948 2310 censet
1967 2275 2043 2309 illas

281 2337 473 2382 l'urpuram
507 2336 798 2371 bituberenlarem
828 2338 922 2372 Lam.
950 2352 1021 2373 non
1051 2340 1233 2383 exhibere,
1263 2340 1325 2375 sed
1362 2341 1465 2375 aliam
1501 2342 1671 2388 speeiem,
1706 2353 1811 2387 quam
1847 2339 2043 2386 Purpuram

281 2401 419 2435 Kieneri
448 2402 609 2447 appellat.
648 2401 744 2435 Haec
768 2415 852 2437 vcro
883 2416 953 2437 non
982 2410 1034 2438 est
1064 2405 1237 2439 sententia
1267 2405 1346 2439 clar.
1368 2405 1496 2448 llecve,
1526 2405 1583 2451 qui
1602 2405 1797 2452 Purpuram
1816 2403 1955 2438 Kieneri
1977 2416 2041 2449 pro

282 2477 375 2497 mera
406 2463 440 2497 P.
469 2464 712 2499 bituberculari
743 2464 858 2509 Lam„
897 2466 929 2500 in
968 2466 1070 2502 Scbai
1105 2468 1234 2515 figuras
1263 2469 1425 2511 1111111313,
1456 2469 1573 2507 habet,
1603 2469 1698 2516 quod
1727 2468 1909 2503 deficiente
1939 2466 2041 2502 Sebai

284 2539 387 2571 opere
417 2529 590 2562 at‘tirmarc
620 2541 689 2563 non
719 2542 915 2575 possumus.
