2206 2941
952 303 1163 336 -33—

182 411 245 445 pro
284 410 376 432 nova
413 397 525 443 specie
554 397 702 431 fortasse
731 395 894 430 habenda
921 401 992 436 est3
1027 408 1108 430 nam
1144 395 1202 429 illa
1229 395 1403 429 callositas
1441 394 1513 427 sinc
1542 392 1647 427 dubio
1676 405 1696 426 a
1721 391 1933 437 proprietate

183 461 334 507 quadam
362 460 519 495 animalis
547 460 686 506 pendet.

738 565 789 598 88.
831 558 1018 608 Sigaretus
1047 556 1265 596 Menkeanus
1294 555 1375 594 Dkr.

336 649 441 683 Testa
470 649 598 691 malis,
636 648 821 694 depressa,
860 647 1027 681 undulato
1056 646 1285 680 transversim
1318 645 1537 691 tenuiterque
1565 646 1674 687 lirata,
1703 644 1792 683 alba.
1821 643 1934 678 fasciis

182 713 316 748 duabus
352 712 430 746 latis
467 712 665 758 interruptis
700 711 827 758 pallide
864 711 946 744 rufis
984 710 1091 756 picta:
1128 709 1221 756 spira
1256 709 1409 755 planata.
1442 730 1483 733 —
1526 709 1636 743 Diam.
1674 721 1766 742 max.
1806 709 1822 741 1
1854 707 1934 753 poll.

185 776 257 825 2¹s2
286 777 352 819 lin.5
381 776 483 810 diam.
512 776 594 809 min.
628 777 668 809 11
701 775 769 815 lin.⁷
798 774 882 808 altit.
912 776 931 808 4
962 775 1018 808 lin.

337 839 481 873 Habitat
511 838 555 872 ad
584 838 809 885 Benguelam.

337 902 445 937 Testa
473 901 633 949 Sigareto
663 902 830 948 depresso
860 901 945 935 Phil.
975 900 1077 943 (Abb.
1106 899 1130 934 I.
1159 901 1337 947 pag.144.
1366 899 1452 933 Tab.
1483 898 1507 933 1.
1536 899 1592 946 fig.
1610 900 1657 939 3.)
1686 898 1774 932 inter
1803 909 1936 939 omnes,

183 979 269 1013 quas
298 966 458 1001 novimus
487 966 641 1012 species,
669 965 839 1000 simillima
867 970 938 1004 est,
966 964 1028 998 sed
1056 964 1169 998 fasciis
1203 969 1235 998 et
1273 963 1365 1010 spira
1401 963 1533 997 minore
1563 967 1765 996 constanter
1800 960 1936 994 differre

183 1031 329 1065 videtur.
385 1030 523 1064 Pictura
551 1029 747 1076 Sigal-etum
776 1029 986 1062 maculatum
1015 1027 1085 1075 Say
1120 1028 1152 1061 in
1183 1032 1335 1061 mentem
1367 1032 1490 1067 vocat⁷
1529 1026 1585 1072 (1111
1624 1031 1745 1060 nostra
1773 1024 1936 1071 opinione

182 1095 330 1131 minime.
358 1100 394 1129 ut
424 1094 504 1128 clar.
534 1093 660 1127 Boc-luz
690 1093 861 1139 opinatur,
892 1105 955 1138 pro
985 1091 1054 1138 Sig.
1084 1090 1292 1125 Martiniano
1320 1089 1478 1124 nondum
1505 1089 1625 1123 adulto
1664 1088 1845 1123 habendus
1874 1091 1936 1121 est.

775 1248 827 1282 89.
871 1242 1025 1282 Haliotis
1053 1240 1279 1281 tuberculata
1308 1241 1343 1280 L.

565 1320 635 1349 vide
662 1320 732 1349 Tab.
758 1324 852 1349 nostr.
884 1320 913 1348 V.
942 1320 1008 1357 Εἰς).
1034 1319 1076 1348 17.
1101 1319 1145 1348 18.
1170 1318 1206 1348 19
1230 1322 1258 1347 et
1280 1327 1345 1347 var.
1370 1317 1420 1347 120.
1445 1317 1488 1346 21.
1513 1317 1559 1345 22.

338 1401 467 1430 Linnaei
493 1397 576 1438 Syst.
602 1396 671 1428 Nat.
697 1397 768 1427 edit.
793 1397 873 1427 XII.
900 1409 971 1439 pag.
999 1399 1090 1428 1256.
1115 1410 1144 1428 11.
1172 1399 1242 1428 741.

337 1456 451 1485 Adam.
478 1452 593 1494 Seneg.
617 1464 688 1494 pag.
716 1454 764 1483 19.
789 1452 867 1483 Tab.
893 1454 922 1483 2.
949 1452 1001 1494 fig.
1027 1454 1055 1484 1.
1081 1452 1298 1494 (KL'Ormier).

338 1523 534 1570 Specimina
563 1522 616 1556 1110
645 1522 784 1569 depicta
811 1523 856 1557 ad
884 1523 1099 1569 Benguelam
1128 1528 1162 1557 et
1191 1522 1376 1557 Loandam
1404 1522 1569 1564 collecta,
1598 1527 1671 1555 tam
1699 1520 1804 1563 iconi,
1834 1532 1938 1565 quam

184 1587 407 1634 descriptioni
427 1586 699 1621 Adansonianae
728 1587 831 1633 plane
859 1586 1091 1633 respondent.
1129 1587 1176 1620 ita
1203 1592 1240 1620 ut
1270 1586 1393 1620 eadem
1422 1586 1467 1620 ad
1496 1586 1675 1620 cochleam
1706 1584 1865 1619 l'Ormier
1893 1584 1938 1618 di-

184 1658 276 1686 ctam
304 1652 475 1697 pertinere
496 1662 669 1685 censeam.
712 1650 799 1684 Cum
819 1656 1003 1697 praeterea
1017 1650 1242 1685 Adansonins
1270 1650 1343 1696 ipsc
1369 1650 1544 1691 „Haliotin
1573 1649 1729 1684 striatam
1749 1651 1938 1695 rugosam“

186 1715 328 1749 Linnaei
356 1714 514 1749 citaverit
547 1715 619 1757 (cfr.
647 1714 767 1749 Fauna
795 1713 893 1749 Suec.
931 1726 1009 1760 pag.
1040 1715 1124 1747 533.
1153 1726 1184 1747 n.
1219 1714 1342 1756 1326),
1381 1725 1484 1758 quam
1512 1712 1565 1746 hic
1594 1712 1797 1746 immortalis
1825 1711 1877 1746 vir
1905 1711 1939 1745 in

185 1778 335 1812 editione
364 1777 572 1812 duodecima
600 1777 807 1825 Systematis
838 1777 991 1811 Naturae
1026 1777 1166 1810 nomine
1195 1776 1272 1810 Hal.
1302 1776 1540 1810 tuberculatae
1569 1780 1832 1817 commemorat,
1860 1774 1938 1808 huic

186 1840 310 1887 speciei
344 1845 437 1874 certe
473 1852 601 1874 110111011
636 1852 741 1886 supra
776 1840 979 1886 inscriptum
1016 1839 1240 1874 tribuendum
1277 1845 1338 1874 est.
1400 1840 1447 1874 Ut
1480 1852 1565 1874 vero
1602 1851 1679 1873 mea
1715 1839 1782 1873 fert
1810 1838 1938 1884 opinio,

187 1917 257 1937 non
294 1903 406 1937 minus
434 1903 511 1937 Hal.
550 1903 670 1937 striata
704 1915 766 1937 nec
796 1916 867 1937 non
896 1909 1109 1938 marmorata
1138 1903 1280 1938 Linnaei
1308 1904 1351 1938 ad
1380 1903 1457 1938 Hal.
1485 1903 1738 1937 tuberculatam
1767 1907 1938 1948 spectant⁷

186 1980 263 2001 011111
298 1967 384 2000 haec
412 1966 565 2012 species,
601 1971 638 2000 ut
672 1966 895 2001 Adansonins
925 1967 997 2013 ipse
1031 1968 1198 2010 affirmat,
1226 1967 1350 2001 mirum
1385 1967 1417 2001 in
1447 1967 1590 2001 modum
1619 1967 1739 2000 variet.
1795 1965 1939 2012 Insuper

188 2029 322 2064 Martini
353 2040 491 2075 quoque
524 2028 653 2063 Conch.
683 2030 767 2064 Cab.
797 2029 820 2063 I.
850 2043 927 2076 pag.
961 2031 1040 2066 178.
1095 2030 1249 2065 Haliotin
1281 2036 1530 2064 marmoratam
1559 2030 1703 2064 Linnaei
1731 2029 1775 2063 ad
1804 2029 1939 2063 iconem

186 2092 426 2127 Adansoniam
459 2092 565 2126 refert
602 2097 637 2127 et
673 2093 860 2139 descriptio
898 2093 1015 2127 Bornii
1051 2093 1238 2139 praeclari:
1277 2098 1388 2136 „testa
1425 2098 1550 2134 ovata⁷
1579 2093 1820 2139 complanata,
1850 2091 1938 2125 striis

186 2157 359 2205 parallelis
387 2157 595 2191 transversis
624 2162 658 2190 et
685 2157 993 2203 longitudinalibus
1023 2157 1190 2192 obsoletis
1218 2157 1420 2199 decussata3
1456 2156 1580 2190 limbus
1617 2156 1759 2202 planus,
1795 2155 1938 2188 dorsum

187 2233 385 2256 convexum
421 2219 647 2254 foraminibus
686 2232 748 2253 sex
785 2220 913 2266 parviis
951 2225 1147 2266 pertusum3
1194 2221 1287 2267 spira
1324 2220 1468 2262 obtusa3
1509 2219 1606 2253 color
1642 2218 1758 2253 viridis
1795 2217 1937 2251 maculis

186 2283 288 2318 fulvis
318 2286 571 2317 111armoratus“
602 2281 683 2315 satis
712 2282 902 2328 respondet
930 2283 1172 2328 speciminibus
1194 2283 1401 2329 quibusdam
1430 2288 1572 2318 nostrae
1591 2282 1763 2317 cochleae.
1805 2280 1938 2314 Pariter

187 2354 219 2382 et
249 2346 357 2381 verba
386 2345 546 2380 Linnaei:
576 2344 731 2387 „habitat
759 2344 793 2378 in
822 2343 966 2379 Oceano
995 2345 1184 2381 Africano“
1212 2346 1428 2393 respicienda
1456 2354 1544 2381 sunt.

342 2409 505 2444 Ceterum
546 2409 652 2442 miror
686 2420 814 2442 nomen
852 2408 1090 2442 Linnaeanum
1130 2409 1207 2443 Hal.
1249 2414 1482 2444 marmoratae
1520 2420 1631 2453 neque
1673 2407 1706 2441 in
1744 2406 1937 2440 Lamarckii

187 2486 303 2520 opere,
333 2485 395 2508 nec
424 2473 457 2507 in
485 2472 613 2507 Reevei
634 2471 765 2506 Conch.
794 2471 925 2505 iconiea
953 2471 1129 2507 obvenire.
1184 2473 1331 2508 Haliotis
1361 2477 1573 2507 marmorata
1601 2469 1763 2517 Grayana
1791 2470 1856 2504 alia
1885 2475 1937 2504 est

188 2537 329 2583 specics.
385 2536 452 2571 Cfr.
495 2536 599 2570 {eeve
628 2535 759 2569 Conch.
790 2536 876 2569 icon.
905 2547 996 2581 spec.
1029 2538 1086 2570 44.

1632 2587 1650 2617 5
