2206 2941
1019 333 1231 366 -14—

716 506 767 540 34.
810 499 961 540 Masalia
989 499 1160 540 brevialis
1189 498 1411 548 (Turritella)
1439 498 1530 538 Lam.

403 604 444 632 Le
467 603 567 632 Mesal
590 602 704 632 Adans,
729 604 832 641 Se'ne'y.
856 613 927 643 pag.
954 602 1025 632 159.
1049 601 1128 631 Tab.
1153 600 1198 631 X.
1223 600 1274 641 fig.
1301 601 1329 630 7.

404 657 566 686 Turritella
590 657 739 687 brevialis
763 658 845 687 Lam.
870 656 932 686 An.
957 667 1028 686 sans
1053 660 1130 687 vert.
1155 655 1204 686 ed.
1229 655 1273 685 II.
1297 655 1359 686 vol.
1384 654 1447 686 IX.
1472 666 1544 697 pag.
1569 655 1640 685 256.

403 713 534 742 Mesalia
557 713 677 742 sulcata
701 714 792 752 Gray.

404 766 568 796 Turritella
589 768 681 797 varia
705 767 792 796 Kien.

466 840 502 843 -
613 839 653 843 —
710 823 809 852 Reeve
834 821 955 852 Gonch.
979 822 1059 851 icon.
1085 820 1146 851 vol.
1160 819 1200 850 V.
1225 830 1308 861 spec.
1328 820 1345 849 2
1371 825 1401 850 et
1423 819 1503 851 Tab.
1516 819 1556 850 V.
1582 819 1778 860 (Tun-itella)
1802 820 1854 862 fig.
1871 821 1908 851 16
1932 832 1959 851 a.
1975 821 2003 851 b.

400 914 582 961 Specimen
612 915 749 949 unicum
778 915 875 962 apice
903 915 1009 962 paulo
1029 914 1194 948 detritum
1222 918 1340 948 exstat
1359 913 1480 948 incerti
1507 913 1575 949 loci
1594 914 1732 957 natalis,
1760 913 1806 949 ad
1833 915 2004 949 minorem

247 978 451 1012 varietatem
479 978 668 1024 pertinens,
698 990 786 1024 quae
807 977 958 1012 Kienero
987 983 1040 1012 est
1059 977 1245 1012 Turritella
1272 977 1378 1012 varia.
1421 976 1499 1012 Hoc
1527 978 1704 1025 specimen
1732 978 1835 1025 plane
1863 991 2005 1025 respon-

248 1040 307 1075 det
339 1041 470 1088 figurae
505 1042 688 1076 excellenti
726 1043 745 1076 Ε.)
771 1054 791 1076 a
827 1041 1139 1089 Conchyliologiae
1174 1041 1327 1075 iconicae
1376 1062 1419 1066 ——
1457 1040 1515 1076 Ad
1549 1042 1617 1076 hoe
1652 1054 1765 1089 genus
1802 1040 2004 1090 Grayanum

246 1103 435 1138 Turritellis
472 1104 576 1138 affine
613 1104 686 1139 sine
714 1104 819 1139 dubio
856 1104 956 1151 plura
983 1109 1140 1139 testacea
1175 1104 1308 1139 fossilia
1344 1105 1528 1140 referenda
1559 1111 1659 1149 sunt,
1695 1118 1750 1140 cx.
1779 1118 1829 1153 gr.
1858 1105 2003 1140 cochlea

247 1167 417 1214 quaedam
447 1180 464 1202 e
486 1167 695 1202 formatione
721 1180 810 1214 quae
831 1174 979 1203 vocatur
1002 1168 1134 1211 liasina,
1163 1181 1268 1215 quam
1288 1169 1421 1216 pridem
1442 1168 1629 1204 Melaniam
1646 1169 1868 1204 Turritellam
1889 1170 2004 1216 appel-

246 1231 331 1272 lavi3
380 1231 603 1266 conferantur
640 1231 1003 1279 Palaeontographica
1030 1231 1055 1266 Ι.
1097 1244 1177 1279 pag.
1214 1233 1295 1267 109.
1337 1232 1423 1267 Tab.
1452 1232 1544 1267 XIII.
1578 1233 1635 1280 fig.
1666 1235 1697 1267 5.
1733 1234 1764 1268 G.
1798 1235 1829 1269 7.
1889 1233 2004 1279 Prope

246 1293 414 1328 accedunt
444 1295 508 1329 hae
537 1296 700 1330 cochleae
729 1296 773 1330 ad
801 1295 985 1339 Melaniae,
1015 1295 1042 1330 si
1070 1296 1270 1343 respicimus
1299 1302 1484 1343 aperturae
1512 1297 1775 1341 formationem,
1811 1296 1873 1332 sed
1907 1302 2003 1332 totus

246 1369 365 1392 eorum
402 1358 538 1393 habitus
568 1359 758 1395 Turritellis
785 1360 988 1406 respondet.

705 1566 756 1600 35.
802 1561 930 1601 Natica
957 1574 1171 1603 maroccana
1199 1563 1356 1613 (Nerita)
1386 1564 1524 1603 Ghemn.

304 1650 373 1680 vide
400 1651 471 1680 Tab.
495 1655 588 1681 nostr.
615 1652 654 1681 ΙΙ.
678 1651 744 1689 Fz'y.
767 1652 818 1681 30.
842 1652 887 1681 31.
910 1652 958 1681 32.
982 1654 1033 1689 (in
1054 1654 1156 1691 signu-a
1178 1653 1221 1682 30
1244 1654 1407 1683 umbilicus
1429 1664 1490 1683 mm
1513 1654 1656 1684 distincte
1680 1662 1848 1692 expressus
1873 1656 1947 1688 est.)

398 1741 518 1772 (much.
545 1742 623 1773 (jab.
650 1743 687 1773 V.
713 1754 783 1784 pag.
809 1744 880 1773 270.
905 1743 984 1774 Tal).
1012 1745 1082 1775 188.
1106 1744 1159 1786 fig.
1186 1745 1428 1782 1905—1910,
1461 1745 1508 1776 ed.
1540 1745 1590 1775 alt.
1615 1744 1694 1776 Tab.
1718 1745 1747 1776 3.
1772 1746 1825 1787 fig.
1852 1746 1999 1777 10—13.

602 1799 650 1827 25.
677 1798 727 1828 2⁴3.
751 1798 856 1829 icones
879 1799 1022 1830 meliores
1052 1800 1083 1830 in
1107 1799 1186 1830 Tab.
1213 1801 1262 1830 12.
1287 1800 1357 1841 Fig.
1384 1801 1490 1831 1—5.
1519 1799 1687 1841 descriptio
1711 1800 1772 1831 huc
1795 1812 1895 1841 usque
1919 1801 2000 1832 desi-

603 1853 736 1884 dcratur.

399 1909 483 1947 (Moy
507 1913 535 1938 e!
558 1910 710 1939 Gaimard
738 1910 807 1947 Vay.
832 1908 870 1938 de
893 1909 1030 1939 l'Astrol.
1056 1909 1127 1940 Vol.
1152 1910 1195 1940 ΙΙ.
1220 1921 1292 1951 pag.
1318 1910 1391 1940 236.
1414 1909 1494 1941 Tab.
1520 1910 1570 1941 66.
1595 1909 1647 1951 fig.
1675 1910 1822 1942 16-19,

397 1964 465 1992 Nar.
490 1973 674 1994 maroccana
697 1965 783 1994 Koch
806 1964 835 1993 in
860 1963 1010 1995 zeitschr.
1035 1964 1085 1995 fiir
1108 1965 1184 1996 Mal.
1212 1966 1304 1995 1844.
1331 1976 1403 2007 pag.
1429 1965 1500 1996 151.

398 2055 494 2090 Haec
529 2057 661 2102 species
698 2058 934 2104 pervariabilis
969 2059 1124 2105 plurimis
1161 2059 1406 2106 speciminibus
1444 2064 1562 2094 exstat
1598 2072 1617 2094 e
1653 2060 1798 2108 regione
1833 2060 1999 2096 Loandae

242 2124 346 2164 atque
374 2117 582 2165 Benguelae.
636 2120 672 2154 In
703 2118 809 2167 opere
834 2121 1026 2156 Adansonii
1055 2122 1243 2169 descriptio
1273 2129 1307 2158 et
1335 2123 1414 2158 icon
1442 2123 1599 2169 ejusdem
1628 2123 1879 2158 desiderantur.
1934 2124 2000 2159 Na-

241 2181 345 2216 ticam
373 2182 611 2216 unifaseiatam
650 2182 745 2217 Lam.
781 2184 973 2227 (Delessert
1001 2185 1141 2220 Reeueil
1169 2192 1233 2220 etc.
1267 2185 1354 2221 Tab.
1385 2187 1445 2221 32.
1474 2186 1532 2233 fig.
1565 2188 1658 2229 130,
1696 2186 1900 2221 Chemnitzii
1930 2186 1998 2221 Pfr.

242 2244 327 2279 Krit.
350 2245 433 2292 Reg.
462 2258 571 2291 aeque
600 2260 640 2280 ac
668 2246 813 2281 luridam
841 2247 924 2282 Phil.
954 2261 1017 2294 pro
1047 2250 1274 2284 varietatibus
1303 2256 1439 2285 tantun]
1468 2249 1513 2284 ad
1541 2250 1632 2284 hanc
1660 2256 1819 2285 nostram
1848 2251 1998 2297 speciem

241 2307 522 2343 adnumerandas
552 2322 639 2350 esse,
668 2310 688 2343 1.
718 2322 747 2344 c.
774 2311 904 2356 primus
933 2311 1049 2346 docuit
1077 2313 1116 2346 cl.
1146 2313 1199 2347 Fr.
1224 2313 1336 2349 Koch.
1368 2336 1411 2339 —
1443 2313 1656 2361 Operculum
1685 2314 1891 2357 calcaremn,
1919 2313 1998 2348 albi-

242 2370 335 2407 dum.
364 2378 507 2406 externe
529 2373 764 2407 lacvissinnnn
793 2374 896 2409 valde
924 2375 1081 2421 politum,
1110 2377 1267 2423 margine
1291 2377 1419 2424 exiguo
1442 2377 1666 2412 dextrorsum
1690 2377 1997 2424 circumscriptum,

243 2433 374 2468 interne
412 2435 611 2470 tenuissime
648 2436 807 2471 striarum
846 2443 878 2471 et
917 2437 1127 2484 epidcrmide
1165 2440 1291 2485 pallide
1329 2441 1486 2476 olivacea
1514 2441 1714 2476 obductum.
1769 2441 1997 2476 Nihilominus

243 2503 320 2530 sunt
350 2497 549 2533 Naticarum
578 2499 710 2546 species
740 2501 905 2547 operculo
935 2513 1064 2536 corneo
1086 2502 1286 2546 instructae,
1315 2505 1438 2552 quibus
1467 2506 1538 2540 fere
1566 2505 1645 2540 talis
1673 2510 1726 2541 cst
1745 2505 1858 2540 forma
1887 2505 1997 2552 qualis

242 2566 382 2595 imstrae
411 2563 584 2598 cochleae.
