2206 2941
914 280 1125 313 „21-

296 375 442 410 Unicum
482 374 657 421 specimen
692 375 822 421 optime
860 379 1106 408 conservatum
1145 373 1190 407 ad
1219 372 1402 407 Loandam
1432 372 1558 405 lectum
1588 376 1715 405 exstat.
1745 369 1796 410 (In
1826 369 1901 404 Phi-

141 438 349 485 lippinarum
377 437 496 472 insulis
524 443 614 473 teste
642 438 721 472 clar.
751 437 792 471 H.
821 436 994 483 Cuiiiiilg.)

594 619 645 654 51.
689 613 845 664 Purpura
872 612 1116 652 haemastoma
1145 611 1364 661 (Buccillum)
1393 611 1430 651 1..

721 691 791 720 vide
818 690 888 719 Tab.
913 694 1007 719 nostr.
1033 689 1091 718 111.
1120 689 1186 726 Fo'y.
1212 688 1254 717 12.
1280 688 1324 717 13.

296 777 381 806 Lime.
408 774 441 805 S.
466 773 504 804 N.
529 775 576 805 cd.
602 774 645 805 ΙΙ.
674 785 744 815 pag.
771 774 862 804 1202.

297 832 390 861 Gmel.
417 831 450 861 S.
475 829 513 860 N.
538 841 609 871 pag.
634 830 728 859 3453.

300 887 397 915 Reeve
422 884 543 915 Conch.
568 884 648 914 icon.
674 895 719 924 sp.
744 884 795 914 21.

299 941 385 970 Ision.
415 939 501 971 Icon.
530 950 601 980 pag.
628 940 698 969 110.
724 939 775 980 fig.
802 939 851 968 79.
882 937 951 977 (sed
975 936 1079 978 plures
1109 936 1183 967 alias
1208 936 1419 977 Pur-purarum
1452 934 1571 976 species
1596 934 1652 964 sub
1678 934 1735 964 hac
1761 933 1900 964 denomi-

503 994 627 1024 natione
651 1005 669 1024 a
692 993 830 1024 Kienero
858 992 1002 1023 confusas
1026 1003 1094 1022 esse
1118 994 1288 1032 putamus).

300 1051 376 1080 Plu‘l,
400 1049 516 1080 Enum.
540 1049 629 1079 Moll.
654 1049 681 1079 I.
705 1060 777 1089 pag.
802 1049 864 1078 218
889 1053 946 1078 etc.

298 1117 457 1152 Occurrit
484 1118 647 1163 frequens
675 1128 785 1162 prope
814 1115 997 1150 Loandam
1026 1122 1059 1149 et
1088 1115 1136 1150 St.
1165 1115 1324 1150 Vincent.

298 1180 524 1228 Exemplaria
559 1194 579 1215 a
607 1179 797 1215 clarissimo
834 1179 940 1214 Tams
979 1192 997 1213 e
1026 1178 1156 1215 Guinea
1193 1179 1355 1213 inferiore
1392 1184 1572 1224 reportata
1607 1177 1689 1212 satis
1726 1177 1902 1211 declarant

144 1245 234 1280 hanc
262 1244 413 1291 speciem
441 1243 706 1291 pervariabilem
735 1256 822 1278 esse.
878 1243 1072 1290 Specimen⁷
1101 1242 1196 1288 quod
1224 1243 1306 1289 figg.
1336 1247 1478 1276 nostrae
1510 1243 1554 1275 12
1585 1246 1620 1275 ct
1652 1242 1694 1274 13
1725 1239 1903 1277 exhibent,

143 1308 189 1343 ad
217 1320 276 1343 eas
304 1307 492 1343 varietates
521 1307 689 1354 pertinet,
719 1319 807 1352 quae
840 1306 940 1341 unica
967 1311 1103 1341 tantum
1132 1306 1306 1340 nodorum
1334 1306 1420 1340 serie
1449 1305 1644 1352 cinguntur,
1673 1303 1734 1338 sed
1763 1308 1906 1337 exstant

147 1372 361 1418 exemplaria
389 1371 557 1406 nonnulla
585 1370 722 1418 duplici,
751 1370 875 1417 triplici
903 1376 937 1404 ct
966 1370 1178 1416 quadruplici
1209 1369 1383 1404 nodorum
1411 1369 1497 1403 serie
1522 1367 1754 1409 circumdata3
1783 1366 1902 1401 noduli

145 1435 297 1483 supremi
326 1448 464 1482 semper
500 1440 581 1470 sunt
616 1435 727 1482 magis
764 1434 1014 1481 prominentes.
1068 1432 1148 1467 Non
1185 1432 1382 1466 dubitamus
1412 1432 1492 1478 quin
1528 1432 1614 1465 haec
1649 1430 1765 1464 omnia
1800 1429 1904 1476 speci—

145 1499 238 1534 mina
265 1499 310 1534 ad
339 1499 527 1533 Buccinum
556 1498 800 1532 haemastoma
828 1509 949 1532 verum
978 1497 1120 1531 Linnaei
1148 1496 1364 1543 pertineant,
1396 1509 1477 1530 nam
1506 1494 1613 1530 verba
1642 1493 1786 1528 Linnaei
1815 1493 1904 1527 bene

145 1563 179 1597 in
206 1574 248 1597 ea
276 1561 458 1608 quadrant.
511 1561 589 1596 Pari
627 1561 734 1596 modo
772 1567 805 1596 et
844 1562 897 1603 „le
935 1560 1084 1596 Sakem“
1113 1560 1307 1595 Adansonii
1345 1559 1470 1606 Seiie'g.
1507 1571 1587 1605 pag.
1628 1560 1710 1593 100.
1748 1557 1833 1592 Tab.
1875 1559 1903 1590 7.

146 1626 204 1673 fig.
238 1627 268 1660 1.
303 1625 370 1660 hnc
406 1624 608 1659 referendus
646 1629 707 1659 est.
763 1624 919 1658 Auctore
957 1624 1099 1671 egregio
1136 1630 1243 1665 teste,
1281 1623 1337 1669 qui
1373 1623 1415 1657 de
1452 1623 1517 1657 hac
1552 1622 1696 1656 cochlea
1733 1622 1903 1656 uberrime

146 1689 329 1731 tractavit,
366 1688 644 1734 frequentissima
671 1688 705 1722 in
740 1689 872 1722 insulae
909 1686 1044 1723 Goreae
1078 1687 1220 1734 rupibus
1250 1687 1434 1721 invenitur.
1489 1687 1579 1721 Caro
1609 1685 1763 1732 ejusdem
1793 1685 1904 1719 mollis

148 1757 181 1786 et
208 1752 291 1787 boni
318 1752 452 1798 saporis
480 1752 523 1786 ab
551 1751 671 1786 incolis
699 1751 923 1786 consumitur.

302 1815 372 1851 Sed
399 1820 527 1858 restat,
561 1820 599 1849 ut
635 1815 678 1849 de
715 1815 788 1849 aliis
818 1814 1060 1861 speciminibus
1088 1814 1122 1849 in
1151 1813 1270 1848 tabula
1298 1819 1420 1847 nostra
1448 1812 1605 1859 figuratis
1634 1824 1743 1858 pauca
1774 1811 1904 1845 dicam:

148 1879 243 1926 Figg.
276 1880 293 1912 7
324 1883 357 1912 et
388 1880 407 1913 8
437 1883 705 1924 repraesentant
739 1878 919 1923 exemplar
941 1878 1058 1923 junius
1093 1878 1210 1912 colore
1240 1877 1452 1917 obscuriore,
1481 1877 1604 1910 earini>-
1634 1875 1768 1910 duabus
1799 1875 1905 1909 nodu-

148 1943 261 1977 lorum
297 1941 539 1976 obsoletorum
576 1941 713 1987 lii-isque
751 1941 931 1976 subtilibus
968 1942 1129 1976 cinctum.
1198 1941 1314 1975 Primo
1349 1940 1516 1987 adspectu
1555 1940 1654 1986 pullis
1698 1939 1903 1985 quibusdam

150 2005 327 2051 Purpurae
356 2003 531 2050 Rudolphi
560 2004 739 2047 (Buccillo)
771 2004 915 2039 (slhemn.
953 2005 1047 2039 haud
1084 2005 1246 2039 dissimile
1275 2010 1346 2047 est,
1381 2004 1471 2038 idem
1501 2010 1535 2037 et
1564 2003 1607 2037 de
1635 2003 1752 2050 figuris
1783 2004 1814 2036 9.
1850 2004 1905 2042 10,

149 2068 327 2115 specimen
362 2067 474 2101 fasciis
511 2066 597 2101 albis
634 2067 868 2114 irregulariter
905 2068 1103 2115 interruptis
1140 2068 1292 2116 insigne,
1330 2068 1394 2102 dici
1434 2072 1566 2114 potest:
1602 2067 1659 2114 fig.
1692 2069 1733 2100 11
1774 2066 1904 2112 pullum

149 2133 283 2179 pictura
310 2131 484 2178 languida,
513 2131 668 2165 faucibus
696 2131 819 2166 albidis¹
847 2132 933 2166 labri
961 2132 1074 2166 dextri
1103 2132 1203 2166 sulcis
1233 2132 1404 2166 castaneis
1429 2132 1598 2176 insignem
1621 2129 1792 2169 osten‹lit;
1823 2130 1905 2175 fign-

150 2208 209 2231 rae
237 2195 385 2241 denique
418 2196 460 2228 14
491 2199 526 2228 et
558 2196 600 2228 15
631 2195 811 2229 cochleam
840 2195 1015 2241 juniorem
1050 2201 1315 2242 repraesentant
1352 2195 1449 2230 lineis
1478 2195 1563 2229 albis
1592 2196 1689 2228 fusco
1718 2193 1905 2227 articulatis

150 2259 329 2306 eleganter
366 2258 505 2304 pictam.
575 2258 652 2293 Hoc
690 2259 863 2305 specimen
904 2259 1090 2292 varietates
1128 2259 1297 2304 quasdam
1332 2258 1510 2305 Purpurae
1548 2257 1699 2292 nudatae
1736 2255 1833 2290 Lam.
1872 2256 1905 2290 in

150 2328 303 2356 mentem
333 2334 484 2363 vocans,
523 2321 568 2356 ad
598 2322 774 2368 prcq‘iriam
809 2322 958 2368 speciem
987 2323 1161 2368 pertinere
1190 2322 1336 2363 videtur,
1366 2321 1427 2356 scd
1455 2321 1574 2355 formis
1603 2319 1718 2354 multis
1750 2319 1906 2353 interme-

152 2386 213 2421 diis
243 2399 321 2420 cum
358 2386 497 2432 reliquis
537 2386 687 2420 cochleis
722 2386 912 2420 arctissime
947 2386 1171 2431 c‹mjunctum
1209 2398 1284 2420 esse
1314 2386 1460 2419 at'tirmo.
1516 2384 1560 2418 Ut
1589 2396 1666 2418 mea
1694 2384 1757 2416 fert
1787 2383 1904 2429 opinio

151 2450 195 2484 ad
224 2456 380 2484 nostram
409 2449 588 2483 cochleam
626 2448 889 2495 pervariabilem
923 2454 956 2483 et
992 2449 1069 2483 illac
1107 2449 1223 2483 icones
1259 2454 1438 2495 spectant,
1468 2460 1553 2493 quas·
1583 2447 1664 2481 clar.
1695 2446 1812 2480 lleeve
1841 2446 1904 2480 sub

152 2513 290 2547 nomine
329 2512 581 2548 Lamarckiano
619 2511 797 2558 Purpurae
833 2511 1010 2546 bicos-talis
1045 2512 1188 2554 (Coneh.
1224 2512 1310 2546 icon.
1346 2523 1436 2558 spec.
1477 2513 1533 2544 28.
1565 2523 1594 2544 a.
1624 2510 1669 2548 h.)
1707 2509 1903 2544 delineavit.
